@inproceedings{lindell2019acoustic,
author = {Lindell, David B. and G. Wetzstein and Koltun, Vladlen},
title = {Acoustic non-line-of-sight imaging},
booktitle = {IEEE Conference on Computer Vision and Pattern Recognition (CVPR, oral)},
year = {2019},
volume={},
number={},
_venue={},
}

@inproceedings{lindell2018spad,
author = {Lindell, David B. and M. Oâ€™Toole and G. Wetzstein},
title = {Towards Transient Imaging at Interactive Rates with Single-Photon Detectors},
booktitle = {IEEE International Conference on Computational Photography (ICCP)},
year = {2018},
volume={},
number={},
_venue={ICCP},
}

@inproceedings{otoole2017, 
author={M. O'Toole and F. Heide and Lindell, David B. and K. Zang and S. Diamond and G. Wetzstein}, 
_venue={CVPR},
booktitle={IEEE Conference on Computer Vision and Pattern Recognition (CVPR, spotlight)}, 
title={Reconstructing Transient Images from Single-Photon Sensors}, 
year={2017}, 
volume={},
number={},
pages={},}

