@incollection{o2018real,
  title={Real-time non-line-of-sight imaging},
  author={O'Toole, Matthew and Lindell, David B and Wetzstein, Gordon},
  booktitle={ACM SIGGRAPH Emerging Technologies},
  year={2018}
}

@incollection{o2018realb,
  title={Real-time non-line-of-sight imaging},
  author={O'Toole, Matthew and Lindell, David B and Wetzstein, Gordon},
  booktitle={CVPR Demos},
  year={2018}
}
