@article{lin2023learning,
  title={Learning lens blur fields},
  author={Lin, Esther YH and Wang, Zhecheng and Lin, Rebecca and Miau, Daniel and Kainz, Florian and Chen, Jiawen and Zhang, Xuaner Cecilia and Lindell, David B and Kutulakos, Kiriakos N},
  journal={IEEE Transactions on Pattern Analysis and Machine Intelligence},
  note={To Appear},
  year={2025}
}

@article{verma2024chromaflash,
  title={ChromaFlash: Snapshot Hyperspectral Imaging Using Rolling Shutter Cameras},
  author={Verma, Dhruv and Ruffolo, Ian and Lindell, David B and Kutulakos, Kiriakos N and Mariakakis, Alex},
  journal={Proceedings of the ACM on Interactive, Mobile, Wearable and Ubiquitous Technologies (Ubicomp)},
  volume={8},
  number={3},
  pages={1--31},
  year={2024},
  publisher={ACM New York, NY, USA}
}

@article{shentu2023moss,
  title={{MoSS}: Monocular Shape Sensing for Continuum Robots},
  author={Shentu, Chengnan and Li, Enxu and Chen, Chaojun and Dewi, Puspita T and Lindell, David B and Burgner-Kahrs, Jessica},
  journal={IEEE Robotics and Automation Letters},
  year={2023},
}

@article{martel2021,
author = {Julien N. P. Martel and David B. Lindell and Connor Z. Lin and Eric R. Chan and Marco Monteiro and Gordon Wetzstein},
title = {{ACORN}: Adaptive coordinate networks for neural scene representation},
journal = {ACM Transactions on Graphics (SIGGRAPH)},
year={2021},
volume={40},
number={4},
pages={1--13}
}

@article{metzler2019keyhole,
  title={Keyhole imaging: Non-line-of-sight imaging and tracking of moving objects along a single optical path at long standoff distances},
  author={Metzler, Christopher A. and Lindell, David B. and Wetzstein, Gordon},
  journal={IEEE Transactions on Computational Imaging},
  volume={7},
  pages={1--12},
  year={2020},
}

@article{lindell2020three,
  title={Three-dimensional imaging through scattering media based on confocal diffuse tomography},
  author={Lindell, David B. and Wetzstein, Gordon},
  journal={Nature Communications},
  year={2020},
  volume={11},
  number={4517}
}

@article{sun2020spadnet,
  title={{SPADnet}: Deep {RGB-SPAD} sensor fusion assisted by monocular depth estimation},
  author={Sun, Zhanghao and Lindell, David B. and Solgaard, Olav and Wetzstein, Gordon},
  journal={Optics Express},
  volume={28},
  number={10},
  pages={14948--14962},
  year={2020},
  publisher={Optical Society of America}
}

@article{lindell2019fk,
author = {Lindell, David B. and G. Wetzstein and O'Toole, Matthew},
title = {Wave-based non-line-of-sight imaging using fast f-k migration},
journal = {ACM Transactions on Graphics (SIGGRAPH)},
year={2019},
volume = {38},
number = {4},
pages={},
_venue={ACM TOG},
}

@article{heide2019,
  title={Non-line-of-sight imaging with partial occluders and surface normals},
  author={Heide, Felix and O’Toole, Matthew and Zang, Kai and Lindell, David B. and Diamond, Steven and Wetzstein, Gordon},
  journal={ACM Transactions on Graphics (ToG)},
  volume={38},
  number={3},
  pages={},
  year={2019},
  _venue={ACM TOG},
}


@article{Lindell20183d,
author = {Lindell, David B. and M. O’Toole and G. Wetzstein},
title = {Single-Photon {3D} Imaging with Deep Sensor Fusion},
journal = {ACM Transactions on Graphics (SIGGRAPH)},
year = {2018},
volume = {37},
number = {4},
_venue={SIGGRAPH},
}

@article{heide2018,
author = {Heide, Felix and Diamond, Steven and Lindell, David B. and Wetzstein, Gordon},
title = {Sub-picosecond photon-efficient {3D} imaging using single-photon sensors},
journal = {Scientific Reports},
year = {2018},
volume = {8},
number={17726},
_venue={},
}

@article{otoole2018,
author = {Matthew O’Toole and Lindell, David B. and Gordon Wetzstein},
title = {Confocal Non-Line-of-Sight Imaging Based on the Light-Cone Transform},
journal = {Nature},
year = {2018},
volume={555},
number={7696},
pages={338--341},
_venue={},
}

@article{lindell2016soil, 
author={David B. Lindell and David G. Long}, 
journal={IEEE Geoscience and Remote Sensing Letters}, 
_venue={GRSL},
title={High-Resolution Soil Moisture Retrieval With {ASCAT}}, 
year={2016}, 
volume={13}, 
number={7}, 
pages={972-976}, 
}

@article{lindell2016ascat,
author = {Lindell, David B. and Long, David G.},
title = {Multiyear {A}rctic Ice Classification Using {ASCAT} and {SSMIS}},
_venue={MDPI},
journal = {Remote Sensing},
volume = {8},
year = {2016},
number = {4},
pages = {294},
}

@article{lindell2015oscat, 
author={David B. Lindell and David G. Long}, 
journal={IEEE Transactions on Geoscience and Remote Sensing}, 
title={Multiyear {A}rctic Sea Ice Classification Using {OSCAT} and {QuikSCAT}}, 
_venue={TGARS},
year={2016}, 
volume={54}, 
number={1}, 
pages={167-175}, 
}
