@article{malik2024flying,
  title={Flying With Photons: Rendering Novel Views of Propagating Light},
  author={Malik, Anagh and Juravsky, Noah and Po, Ryan and Wetzstein, Gordon and Kutulakos, Kiriakos N and Lindell, David B},
  journal={arXiv preprint arXiv:2404.06493},
  year={2024}
}

@article{bahmani2024tc4d,
  title={{TC4D}: Trajectory-Conditioned Text-to-{4D} Generation},
  author={Bahmani, Sherwin and Liu, Xian and Wang, Yifan and Skorokhodov, Ivan and Rong, Victor and Liu, Ziwei and Liu, Xihui and Park, Jeong Joon and Tulyakov, Sergey and Wetzstein, Gordon and Tagliasacchi, Andrea and Lindell, David B},
  journal={arXiv preprint arXiv:2403.17920},
  year={2024}
}


