@article{lindell2019oscat, 
author={D. B. Lindell and D. G. Long}, 
journal={IEEE Trans. Geosci. Remote Sens.}, 
title={Multiyear {A}rctic Sea Ice Classification Using {OSCAT} and {QuikSCAT}}, 
_venue={TGARS},
year={2016}, 
volume={54}, 
number={1}, 
pages={167-175}, 
}

@article{lindell2016ascat,
author = {Lindell, David B. and Long, David G.},
title = {Multiyear {A}rctic Ice Classification Using {ASCAT} and {SSMIS}},
_venue={MDPI},
journal = {Remote Sensing},
volume = {8},
year = {2016},
number = {4},
pages = {294},
}

@article{lindell2016soil, 
author={D. B. Lindell and D. G. Long}, 
journal={IEEE Geosci. Remote Sens. Lett.}, 
_venue={GRSL},
title={High-Resolution Soil Moisture Retrieval With {ASCAT}}, 
year={2016}, 
volume={13}, 
number={7}, 
pages={972-976}, 
}

@inproceedings{otoole2017, 
	author={M. O'Toole and F. Heide and Lindell, David B. and K. Zang and S. Diamond and G. Wetzstein}, 
	_venue={CVPR},
	booktitle={IEEE Conference on Computer Vision and Pattern Recognition (CVPR, spotlight)}, 
	title={Reconstructing Transient Images from Single-Photon Sensors}, 
	year={2017}, 
	volume={},
	number={},
	pages={},}

@article{otoole2018,
author = {M. O’Toole and Lindell, David B. and G. Wetzstein},
title = {Confocal Non-Line-of-Sight Imaging Based on the Light Cone Transform},
journal = {Nature},
year = {2018},
volume={555},
number={7696},
pages={338},
_venue={},
}

@article{heide2018,
author = {Heide, Felix and Diamond, Steven and Lindell, David B. and Wetzstein, Gordon},
title = {Sub-picosecond photon-efficient {3D} imaging using single-photon sensors},
journal = {Scientific Reports},
year = {2018},
volume = {8},
number={17726},
_venue={},
}

@inproceedings{lindell2018spad,
author = {Lindell, David B. and M. O’Toole and G. Wetzstein},
title = {Towards Transient Imaging at Interactive Rates with Single-Photon Detectors},
booktitle = {IEEE International Conference on Computational Photography (ICCP)},
year = {2018},
volume={},
number={},
_venue={ICCP},
}

@article{Lindell20183d,
author = {Lindell, David B. and M. O’Toole and G. Wetzstein},
title = {Single-Photon {3D} Imaging with Deep Sensor Fusion},
journal = {ACM Transactions on Graphics (SIGGRAPH)},
volume = {37},
number = {4},
year = {2018},
volume={},
_venue={SIGGRAPH},
}

@article{heide2019,
author = {F. Heide and M. O'Toole and K. Zang and Lindell, David B. and S. Diamond and G. Wetzstein},
title = {Non-line-of-sight Imaging with Partial Occluders and Surface Normals},
journal = {ACM Transactions on Graphics},
year={2019},
volume={},
number={},
pages={},
_venue={ACM TOG},
}

@inproceedings{lindell2019acoustic,
author = {Lindell, David B. and G. Wetzstein and Koltun, Vladlen},
title = {Acoustic non-line-of-sight imaging},
booktitle = {IEEE Conference on Computer Vision and Pattern Recognition (CVPR, oral)},
year = {2019},
volume={},
number={},
_venue={},
}

@article{lindell2019fk,
author = {Lindell, David B. and G. Wetzstein and O'Toole, Matthew},
title = {Wave-based non-line-of-sight imaging using fast f-k migration},
journal = {ACM Transactions on Graphics (SIGGRAPH)},
year={2019},
volume = {38},
number = {4},
pages={},
_venue={ACM TOG},
}
